@book{stroustrup2018tour,
    title={A Tour of C++ Second Edition},
    author={Stroustrup, Bjarne},
    isbn={9780134997834},
    lccn={2018941627},
    series={C++ in-Depth Series},
    url={https://books.google.ru/books?id=UGtRtAEACAAJ},
    year={2018},
    publisher={Addison-Wesley}
}

@online{CoreGuidelines,
    ALTauthor = {author},
    editor = {Stroustrup, Bjarne and Sutter, Herb},
    title = {C++ Core Guidelines},
    date = {2019-06-16},
    url = {http://isocpp.github.io/CppCoreGuidelines/CppCoreGuidelines},    
    language = {english}
}

@online{GoogleCPP,
    title = {Google C++ Style Guide},
    url = {https://google.github.io/styleguide/cppguide.html},
    language = {english},
    organization = {Google}
}

@online{cppreference,
    title = {Справка по C++},
    url = {https://ru.cppreference.com/w/},
    language = {russian},
}





